
@misc{noauthor_urlnl01_2025,
    title = {Spritzguss vs. 3D-Druck: Vor- und Nachteile beider Verfahren},
    url = {https://2d-spritzguss.de/3d-druck-spritzguss},
    language = {de},
    urldate = {2025-01-31},
    year = {2025},
}

@misc{noauthor_urlnl02_2025,
    title = {Akustische Kommunikation: Grundlagen mit Hörbeispielen ; mit 15 Tabellen - Ernst Terhardt - Google Books},
    url = {https://books.google.de/books?id=UI2INugaKwIC&pg=PA219#v=onepage},
    language = {de},
    urldate = {2025-01-31},
    year = {2025},
}

@misc{noauthor_urlnl03_2025,
    title = {Context – React},
    url = {https://de.legacy.reactjs.org/docs/context.html},
    language = {de},
    urldate = {2025-01-31},
    year = {2025},
}

@misc{noauthor_urlnl04_2025,
    title = {ESP32 Grundlagen (Basiswissen) - digitalewelt},
    url = {https://digitalewelt.at/esp32-grundlagen/},
    language = {de},
    urldate = {2025-01-31},
    year = {2025},
}

@misc{noauthor_urlnl05_2025,
    title = {Wi-Fi API -  -  — Arduino ESP32 latest documentation},
    url = {https://docs.espressif.com/projects/arduino-esp32/en/latest/api/wifi.html},
    language = {de},
    urldate = {2025-01-31},
    year = {2025},
}

@misc{noauthor_urlnl06_2025,
    title = {Introduction - Expo Documentation},
    url = {https://docs.expo.dev/get-started/introduction/},
    language = {de},
    urldate = {2025-01-31},
    year = {2025},
}

@misc{noauthor_urlnl07_2025,
    title = {What is PlatformIO? — PlatformIO latest documentation},
    url = {https://docs.platformio.org/en/latest/what-is-platformio.html},
    language = {de},
    urldate = {2025-01-31},
    year = {2025},
}

@misc{noauthor_urlnl08_2025,
    title = {Enumeration declaration - cppreference.com},
    url = {https://en.cppreference.com/w/cpp/language/enum},
    language = {de},
    urldate = {2025-01-31},
    year = {2025},
}

@misc{noauthor_urlnl09_2025,
    title = {1,75 mm | Prusa Knowledge Base},
    url = {https://help.prusa3d.com/de/glossary/175-mm_134816},
    language = {de},
    urldate = {2025-01-31},
    year = {2025},
}

@misc{noauthor_urlnl10_2025,
    title = {ESP32 Flash Memory - Save Permanent Data | Random Nerd Tutorials},
    url = {https://randomnerdtutorials.com/esp32-flash-memory/},
    language = {de},
    urldate = {2025-01-31},
    year = {2025},
}

@misc{noauthor_urlnl11_2025,
    title = {Werde 3D-Druck-Experte mit 3D Prima - hier klicken! | 3D Prima - Top 3D-Drucker, 3D-Scanner, Filament, Resin & Zubehör günstig kaufen},
    url = {https://www.3dprima.com/de/3dprima/tipps-tricks-begriffe-3d-druck#Ironing},
    language = {de},
    urldate = {2025-01-31},
    year = {2025},
}

@misc{noauthor_urlnl12_2025,
    title = { Was ist Git? | Atlassian Git Tutorial },
    url = {https://www.atlassian.com/de/git/tutorials/what-is-git},
    language = {de},
    urldate = {2025-01-31},
    year = {2025},
}

@misc{noauthor_urlnl13_2025,
    title = {Unknown Title},
    url = {https://www.axis.com/dam/public/ad/35/af/einf%C3%BChrung-in-das-thema-audio:-akustik-,-lautsprecher-und-audio-terminologie-de-DE-191125.pdf},
    language = {de},
    urldate = {2025-01-31},
    year = {2025},
}

@misc{noauthor_urlnl14_2025,
    title = {Kunststoffverarbeitung},
    url = {https://www.chemie.de/lexikon/Kunststoffverarbeitung.html},
    language = {de},
    urldate = {2025-01-31},
    year = {2025},
}

@misc{noauthor_urlnl15_2025,
    title = {Lithium-Ionen-Akkumulator},
    url = {https://www.chemie.de/lexikon/Lithium-Ionen-Akkumulator.html},
    language = {de},
    urldate = {2025-01-31},
    year = {2025},
}

@misc{noauthor_urlnl16_2025,
    title = {    Lithium-Ionen-Akkus: Gefahr erkennen & richtig handeln
},
    url = {https://www.denios.de/services/denios-magazin/gefahren-im-umgang-mit-lithium-ionen-akkus},
    language = {de},
    urldate = {2025-01-31},
    year = {2025},
}

@misc{noauthor_urlnl17_2025,
    title = {USB-C-Stecker},
    url = {https://www.elektronik-kompendium.de/sites/com/2009021.htm},
    language = {de},
    urldate = {2025-01-31},
    year = {2025},
}

@misc{noauthor_urlnl18_2025,
    title = {Löten},
    url = {https://www.elektronik-kompendium.de/sites/grd/0705261.htm},
    language = {de},
    urldate = {2025-01-31},
    year = {2025},
}

@misc{noauthor_urlnl19_2025,
    title = {RGB-LED},
    url = {https://www.elektronik-kompendium.de/sites/praxis/bauteil_rgb-led.htm},
    language = {de},
    urldate = {2025-01-31},
    year = {2025},
}

@misc{noauthor_urlnl20_2025,
    title = {ESP32 Wi-Fi & Bluetooth SoC | Espressif Systems},
    url = {https://www.espressif.com/en/products/socs/esp32},
    language = {de},
    urldate = {2025-01-31},
    year = {2025},
}

@misc{noauthor_urlnl21_2025,
    title = {Singleton Method Design Pattern - GeeksforGeeks},
    url = {https://www.geeksforgeeks.org/singleton-design-pattern/},
    language = {de},
    urldate = {2025-01-31},
    year = {2025},
}

@misc{noauthor_urlnl22_2025,
    title = {
Protokoll Definition & ErklÃ¤rung | Informatik Lexikon},
    url = {https://www.informatik-verstehen.de/lexikon/protokoll/},
    language = {de},
    urldate = {2025-01-31},
    year = {2025},
}

@misc{noauthor_urlnl23_2025,
    title = {mDNS – Wie funktioniert Multicast DNS? - IONOS AT},
    url = {https://www.ionos.at/digitalguide/server/knowhow/multicast-dns/},
    language = {de},
    urldate = {2025-01-31},
    year = {2025},
}

@misc{noauthor_urlnl24_2025,
    title = {HTTP-Requests: HTTP-Methoden mit Beispielen einfach erklärt - IONOS},
    url = {https://www.ionos.de/digitalguide/hosting/hosting-technik/http-request-erklaert/},
    language = {de},
    urldate = {2025-01-31},
    year = {2025},
}

@misc{noauthor_urlnl25_2025,
    title = {Was ist Firebase? - IT intouch},
    url = {https://www.it-intouch.de/glossar/firebase/},
    language = {de},
    urldate = {2025-01-31},
    year = {2025},
}

@misc{noauthor_urlnl26_2025,
    title = {
    Was ist ein Line-Ausgang? Unterschied zwischen Line Out und anderen Audioausgängen  | Lenovo Austria
},
    url = {https://www.lenovo.com/at/de/glossary/line-out},
    language = {de},
    urldate = {2025-01-31},
    year = {2025},
}

@misc{noauthor_urlnl27_2025,
    title = {I2S – Mikrocontroller.net},
    url = {https://www.mikrocontroller.net/articles/I2S},
    language = {de},
    urldate = {2025-01-31},
    year = {2025},
}

@misc{noauthor_urlnl28_2025,
    title = {Was ist eigentlich Node.js?},
    url = {https://www.mittwald.de/blog/hosting/was-ist-eigentlich-node-js},
    language = {de},
    urldate = {2025-01-31},
    year = {2025},
}

@misc{noauthor_urlnl29_2025,
    title = {MONACOR: Audio-Pegel: So funktionieren Geräte auf Augenhöhe},
    url = {https://www.monacor.de/magazin/audio-pegel},
    language = {de},
    urldate = {2025-01-31},
    year = {2025},
}

@misc{noauthor_urlnl30_2025,
    title = {
        What Is React Native? Complex Guide for 2024
      },
    url = {https://www.netguru.com/glossary/react-native},
    language = {de},
    urldate = {2025-01-31},
    year = {2025},
}

@misc{noauthor_urlnl31_2025,
    title = {Was ist JSON? | Oracle Österreich},
    url = {https://www.oracle.com/at/database/what-is-json/},
    language = {de},
    urldate = {2025-01-31},
    year = {2025},
}

@misc{noauthor_urlnl32_2025,
    title = {Wie funktioniert ein 3D-Drucker?},
    url = {https://www.printer-care.de/de/drucker-ratgeber/wie-funktioniert-ein-3d-drucker},
    language = {de},
    urldate = {2025-01-31},
    year = {2025},
}

@misc{noauthor_urlnl33_2025,
    title = {radio-browser.info},
    url = {https://www.radio-browser.info/},
    language = {de},
    urldate = {2025-01-31},
    year = {2025},
}

@misc{noauthor_urlnl34_2025,
    title = {Was ist eine REST API? – Einführung in RESTful APIs},
    url = {https://www.redhat.com/de/topics/api/what-is-a-rest-api},
    language = {de},
    urldate = {2025-01-31},
    year = {2025},
}

@misc{noauthor_urlnl35_2025,
    title = {Was ist ein Access Point? Einfach erklärt - techbold IT-Lexikon},
    url = {https://www.techbold.at/lexikon-eintrag/access-point},
    language = {de},
    urldate = {2025-01-31},
    year = {2025},
}

@misc{noauthor_urlnl36_2025,
    title = {HTTP request methods explained},
    url = {https://www.theserverside.com/blog/Coffee-Talk-Java-News-Stories-and-Opinions/HTTP-methods},
    language = {de},
    urldate = {2025-01-31},
    year = {2025},
}

@misc{noauthor_urlnl37_2025,
    title = {PCM5102A Datenblatt, Produktinformationen und Support | TI.com},
    url = {https://www.ti.com/product/de-de/PCM5102A},
    language = {de},
    urldate = {2025-01-31},
    year = {2025},
}

@misc{noauthor_urlnl38_2025,
    title = {Coding ESP32: Pullup- / Pulldownwiderstände},
    url = {https://www.xplore-dna.net/mod/page/view.php?id=2741&forceview=1},
    language = {de},
    urldate = {2025-01-31},
    year = {2025},
}

@misc{noauthor_urlnl39_2025,
    title = {DHCP},
    url = {https://zid.univie.ac.at/dhcp/},
    language = {de},
    urldate = {2025-01-31},
    year = {2025},
}

@misc{noauthor_urlnl40_2025,
    title = {Introduction to Expo Router - Expo Documentation},
    url = {https://docs.expo.dev/router/introduction/},
    language = {de},
    urldate = {2025-01-31},
    year = {2025},
}

@misc{noauthor_urlnl41_2025,
    title = {Was ist GitHub? Eine Einführung in GitHub für Einsteiger},
    url = {https://kinsta.com/de/wissensdatenbank/was-ist-github/},
    language = {de},
    urldate = {2025-01-31},
    year = {2025},
}

@misc{noauthor_urlnl42_2025,
    title = {Unknown Title},
    url = {https://orf-live.ors-shoutcast.at/oe3-q2a},
    language = {de},
    urldate = {2025-01-31},
    year = {2025},
}

@misc{noauthor_urlnl43_2025,
    title = {Unknown Title},
    url = {https://www.autodesk.com/de/products/fusion-360/overview},
    language = {de},
    urldate = {2025-01-31},
    year = {2025},
}

@misc{noauthor_urlnl44_2025,
    title = {Unknown Title},
    url = {https://www.baumannmusic.com/de/2012/sampleratehz-und-khz-aufloesung-bit-und-bitrate-kbits/},
    language = {de},
    urldate = {2025-01-31},
    year = {2025},
}
