@misc{noauthor_urlpi01_2020,
	title = {{URLPI01}},
	url = {https://www.ionos.de/digitalguide/hosting/hosting-technik/http-request-erklaert/},
	abstract = {Dieser Artikel erklärt, was HTTP-Requests sind, wie sie formuliert werden, welche Arten der HTTP-Anfrage es gibt und welche Bedeutung diese heute haben.},
	language = {de},
	urldate = {2024-09-23},
	journal = {IONOS Digital Guide},
	month = may,
	year = {2020},
	file = {Snapshot:C\:\\Users\\pippo\\Zotero\\storage\\3F4NHRI5\\http-request-erklaert.html:text/html},
}
@misc{noauthor_urlpi02_2020,
	title = {{URLPI02}},
	url = {https://www.ionos.at/digitalguide/hosting/hosting-technik/was-ist-http/},
	abstract = {HTTP zählt zu den wichtigsten Webprotokollen. Es regelt die Kommunikation zwischen Browser und Webserver. Hier erfahren Sie alles, was Sie über HTTP wissen müssen.},
	language = {de},
	urldate = {2024-09-23},
	journal = {IONOS Digital Guide},
	month = may,
	year = {2020},
	file = {Snapshot:C\:\\Users\\pippo\\Zotero\\storage\\QHTM4E2T\\was-ist-http.html:text/html},
}
@misc{noauthor_urlpi03_2023,
	title = {{URLPI03}},
	url = {https://restfulapi.net/},
	abstract = {REST is an acronym for REpresentational State Transfer. It is an architectural style for hypermedia systems and was first presented by Roy Fielding.},
	language = {en-US},
	urldate = {2024-09-09},
	journal = {REST API Tutorial},
	month = dec,
	year = {2023},
	file = {Snapshot:C\:\\Users\\pippo\\Zotero\\storage\\R8AQE67N\\restfulapi.net.html:text/html},
}
@misc{noauthor_urlpi04_nodate,
	title = {{URLPI04}},
	url = {https://www.redhat.com/de/topics/api/what-is-a-rest-api},
	abstract = {Eine REST-API (oder RESTful API) ist eine Programmierschnittstelle (API) oder Web-API, die den Austausch von Daten zwischen Systemen ermöglicht und dabei REST-Prinzipien folgt.},
	language = {de},
	urldate = {2024-09-23},
	file = {Snapshot:C\:\\Users\\pippo\\Zotero\\storage\\RI6BT5W5\\what-is-a-rest-api.html:text/html},
}
@misc{noauthor_urlpi05_nodate,
	title = {{URLPI05}},
	url = {https://www.pubnub.com/guides/http-streaming/},
	abstract = {A brief overview of HTTP Streaming and how it works.},
	language = {en},
	urldate = {2024-09-23},
	journal = {PubNub},
	file = {Snapshot:C\:\\Users\\pippo\\Zotero\\storage\\EKG4JDSH\\http-streaming.html:text/html},
}
@misc{vysotskyi_urlpi06_nodate,
	title = {{URLPI06}},
	shorttitle = {React {Native} {App} {Development} {Guide}},
	url = {https://mobidev.biz/blog/react-native-app-development-guide},
	abstract = {Can React Native be a strategic game-changer for your business? Discover its top features and what challenges to consider when choosing this technology.},
	language = {en},
	urldate = {2024-10-22},
	journal = {MobiDev},
	author = {Vysotskyi, Volodymyr},
	file = {Snapshot:C\:\\Users\\pippo\\Zotero\\storage\\2KSSLGMG\\react-native-app-development-guide.html:text/html},
}
@misc{noauthor_urlpi07_nodate,
	title = {{URLPI07}},
	shorttitle = {What {Is} {React} {Native}?},
	url = {https://www.netguru.com/glossary/react-native},
	abstract = {React Native is a name you hear a lot in the mobile app development world. But what is React Native, and what makes it so popular amongst developers?},
	language = {en},
	urldate = {2024-10-30},
	file = {Snapshot:C\:\\Users\\pippo\\Zotero\\storage\\M2IKPW4Y\\react-native.html:text/html},
}
@misc{noauthor_urlpi08_nodate,
	title = {{URLPI08}},
	url = {https://docs.expo.dev/get-started/introduction/},
	abstract = {Get started creating apps with Expo.},
	language = {en},
	urldate = {2024-10-30},
	journal = {Expo Documentation},
	file = {Snapshot:C\:\\Users\\pippo\\Zotero\\storage\\IH4QNL7B\\introduction.html:text/html},
}
@misc{noauthor_urlpi09_nodate,
	title = {{URLPI09}},
	url = {https://www.w3schools.com/js/js_async.asp},
	abstract = {W3Schools offers free online tutorials, references and exercises in all the major languages of the web. Covering popular subjects like HTML, CSS, JavaScript, Python, SQL, Java, and many, many more.},
	language = {en-US},
	urldate = {2024-12-08},
	file = {Snapshot:C\:\\Users\\pippo\\Zotero\\storage\\PNWV5DEZ\\js_async.html:text/html},
}
@misc{noauthor_urlpi10_nodate,
	title = {{URLPI10}},
	shorttitle = {Was ist ein {Access} {Point}?},
	url = {https://www.techbold.at/lexikon-eintrag/access-point},
	abstract = {In unserem IT-Lexikon findest du alle wichtigen IT-Begriffe einfach und verständlich erklärt. Für Unternehmer und alle, die sich für IT interessieren.},
	language = {de},
	urldate = {2024-12-16},
	journal = {techbold},
	file = {Snapshot:C\:\\Users\\pippo\\Zotero\\storage\\7774QJ3S\\access-point.html:text/html},
}
@misc{noauthor_urlpi11_nodate,
	title = {{URLPI11}},
	url = {https://www.oracle.com/at/database/what-is-json/},
	abstract = {JSON ist ein einfaches textbasiertes Datenformat, das von Menschen leicht gelesen und von Computern analysiert werden kann. Sie finden es im Zentrum der meisten mobilen und Webanwendungen.},
	language = {de},
	urldate = {2024-12-16},
	file = {Snapshot:C\:\\Users\\pippo\\Zotero\\storage\\KSCRBJHQ\\what-is-json.html:text/html},
}
@misc{noauthor_urlpi12_nodate,
	title = {{URLPI12}},
	url = {https://www.mikrocontroller.net/articles/I2S},
	urldate = {2024-12-16},
	file = {I2S – Mikrocontroller.net:C\:\\Users\\pippo\\Zotero\\storage\\A9WXE4Q3\\I2S.html:text/html},
}
@misc{noauthor_urlpi13_nodate,
	title = {{URLPI13}},
	url = {https://www.theserverside.com/blog/Coffee-Talk-Java-News-Stories-and-Opinions/HTTP-methods},
	urldate = {2024-12-17},
	file = {HTTP request methods explained:C\:\\Users\\pippo\\Zotero\\storage\\8C6GP63W\\HTTP-methods.html:text/html},
}
@misc{noauthor_urlpi14_nodate,
	title = {{URLPI14}},
	url = {https://www.geeksforgeeks.org/singleton-design-pattern/},
	abstract = {A Computer Science portal for geeks. It contains well written, well thought and well explained computer science and programming articles, quizzes and practice/competitive programming/company interview Questions.},
	language = {de},
	urldate = {2024-12-17},
	journal = {GeeksforGeeks},
	note = {Section: Design Pattern},
	file = {Snapshot:C\:\\Users\\pippo\\Zotero\\storage\\UBJ54WC9\\singleton-design-pattern.html:text/html},
}
@misc{noauthor_urlpi15_nodate,
	title = {{URLPI15}},
	url = {https://en.cppreference.com/w/cpp/language/enum},
	urldate = {2024-12-17},
	file = {Enumeration declaration - cppreference.com:C\:\\Users\\pippo\\Zotero\\storage\\RDAU528Q\\enum.html:text/html},
}
@misc{noauthor_urlpi16_nodate,
	title = {{URLPI16}},
	url = {https://www.informatik-verstehen.de/lexikon/protokoll/},
	abstract = {Protokoll Ein Protokoll ist der Oberbegriff für Standards und Normen, in denen die Art und Weise von Datenübertragungen zwischen verschiedenen Computer-Komponenten, Peripherie-Geräten, Rechnersystemen, Netzwerken, Telekommunikationsleitungen …},
	language = {de},
	urldate = {2025-01-05},
	journal = {Informatik - für Schüler und Studenten},
	file = {Snapshot:C\:\\Users\\pippo\\Zotero\\storage\\YYRAYIBZ\\protokoll.html:text/html},
}
@misc{atlassian_urlpi17_nodate,
	title = {{URLPI17}},
	shorttitle = {Was ist {Git}?},
	url = {https://www.atlassian.com/de/git/tutorials/what-is-git},
	abstract = {Git ist ein ausgereiftes, aktiv gewartetes Open-Source-Revisionskontrollsystem, das von Tausenden Entwicklern auf der ganzen Welt verwendet wird. Mit diesem Leitfaden wirst du zum Git-Profi},
	language = {de},
	urldate = {2025-01-06},
	author = {Atlassian},
	file = {Snapshot:C\:\\Users\\pippo\\Zotero\\storage\\LCNM2T85\\what-is-git.html:text/html},
}
@misc{noauthor_urlpi18_nodate,
	title = {{URLPI18}},
	shorttitle = {Was ist {GitHub}?},
	url = {https://kinsta.com/de/wissensdatenbank/was-ist-github/},
	abstract = {Fragst du dich, was GitHub ist? In diesem Beitrag geben wir dir eine Einführung in GitHub, Git und Versionskontrolle für Anfänger. Dann geben wir dir auch eine einfache Tour durch ein GitHub-Repository und teilen dir dann einige Möglichkeiten, wie du Git oder GitHub benutzen kannst, um dein Leben einfacher zu machen.},
	language = {de},
	urldate = {2025-01-06},
	journal = {Kinsta®},
	file = {Snapshot:C\:\\Users\\pippo\\Zotero\\storage\\JGP33HUV\\was-ist-github.html:text/html},
}
@misc{noauthor_urlpi19_2022,
	title = {{URLPI19}},
	shorttitle = {Multicast {DNS}},
	url = {https://www.ionos.at/digitalguide/server/knowhow/multicast-dns/},
	abstract = {Multicast DNS (mDNS) ist eine Alternative zum klassischen DNS für kleine Netzwerke. Anwender können verschiedene Geräte damit einfacher verbinden.},
	language = {de},
	urldate = {2025-01-06},
	journal = {IONOS Digital Guide},
	month = feb,
	year = {2022},
	file = {Snapshot:C\:\\Users\\pippo\\Zotero\\storage\\8DWNASC5\\multicast-dns.html:text/html},
}
@misc{noauthor_urlpi20_nodate,
	title = {{URLPI20}},
	url = {https://zid.univie.ac.at/dhcp/},
	abstract = {DHCP},
	language = {de},
	urldate = {2025-01-06},
	file = {Snapshot:C\:\\Users\\pippo\\Zotero\\storage\\7UUGKMXF\\dhcp.html:text/html},
}
@misc{noauthor_urlpi21_nodate,
	title = {{URLPI21}},
	url = {https://www.radio-browser.info/},
	urldate = {2025-01-28},
	file = {radio-browser.info:C\:\\Users\\pippo\\Zotero\\storage\\9DSWD769\\www.radio-browser.info.html:text/html},
}
@misc{noauthor_urlpi22_nodate,
	title = {{URLPI22}},
	url = {https://www.it-intouch.de/glossar/firebase/},
	abstract = {Firebase ist eine umfassende Entwicklungsplattform von Google, die speziell für die Entwicklung von Apps und Web-Apps konzipiert wurde.},
	language = {de},
	urldate = {2025-01-28},
	journal = {IT intouch},
	file = {Snapshot:C\:\\Users\\pippo\\Zotero\\storage\\TH9PJRJV\\firebase.html:text/html},
}
@misc{noauthor_urlpi23_nodate,
	title = {{URLPI23}},
	url = {https://de.legacy.reactjs.org/docs/context.html},
	abstract = {Eine JavaScript Bibliothek zum Erstellen von Benutzeroberflächen},
	language = {en},
	urldate = {2025-01-28},
	file = {Snapshot:C\:\\Users\\pippo\\Zotero\\storage\\WDLHJ9PX\\context.html:text/html},
}
@misc{noauthor_urlpi24_nodate,
	title = {{URLPI24}},
	url = {https://docs.espressif.com/projects/arduino-esp32/en/latest/api/wifi.html},
	urldate = {2025-01-29},
	file = {Wi-Fi API - - — Arduino ESP32 latest documentation:C\:\\Users\\pippo\\Zotero\\storage\\T8C5QU9H\\wifi.html:text/html},
}
@misc{noauthor_urlpi25_2021,
	title = {{URLPI25}},
	url = {https://www.mittwald.de/blog/hosting/was-ist-eigentlich-node-js},
	abstract = {Hier erfahrt ihr, wie die Programmiersprachen Node.js und Javascript eingesetzt werden, was sie unterscheidet und wo die Stärken von Node.js liegen.},
	language = {de},
	urldate = {2025-01-29},
	journal = {Reseller Hosting, Webhosting für Agenturen \& Freelancer},
	month = sep,
	year = {2021},
	file = {Snapshot:C\:\\Users\\pippo\\Zotero\\storage\\HZSK3UEA\\was-ist-eigentlich-node-js.html:text/html},
}
@misc{noauthor_urlpi26_nodate,
	title = {{URLPI26}},
	url = {https://docs.platformio.org/en/latest/what-is-platformio.html},
	urldate = {2025-01-29},
	file = {What is PlatformIO? — PlatformIO latest documentation:C\:\\Users\\pippo\\Zotero\\storage\\MZCPNJ3Z\\what-is-platformio.html:text/html},
}
@misc{santos_urlpi27_2018,
	title = {{URLPI27}},
	url = {https://randomnerdtutorials.com/esp32-flash-memory/},
	abstract = {Learn how to use the ESP32 flash memory to store permanent data. To write data to the flash memory, you use the EEPROM.write() function that accepts as arguments},
	language = {en-US},
	urldate = {2025-01-29},
	author = {Santos},
	month = nov,
	year = {2018},
	file = {Snapshot:C\:\\Users\\pippo\\Zotero\\storage\\CJP29GWF\\esp32-flash-memory.html:text/html},
}
@misc{noauthor_urlpi28_nodate,
	title = {{URLPI28}},
	url = {https://docs.expo.dev/router/introduction/},
	abstract = {Expo Router is an open-source routing library for Universal React Native applications built with Expo.},
	language = {en},
	urldate = {2025-01-29},
	journal = {Expo Documentation},
	file = {Snapshot:C\:\\Users\\pippo\\Zotero\\storage\\DN9RCG84\\introduction.html:text/html},
}
@misc{noauthor_urlpi29_nodate,
	title = {{URLPI29}},
	url = {https://www.latex-project.org/},
	urldate = {2025-01-30},
	file = {LaTeX - A document preparation system:C\:\\Users\\pippo\\Zotero\\storage\\EA26PL4R\\www.latex-project.org.html:text/html},
}
@misc{noauthor_urlpi30_nodate,
	title = {{URLPI30}},
	url = {https://app.diagrams.net/},
	urldate = {2025-01-30},
	file = {Flowchart Maker & Online Diagram Software:C\:\\Users\\pippo\\Zotero\\storage\\W2PC9SGR\\app.diagrams.net.html:text/html},
}
@misc{noauthor_urlpi31_nodate,
	title = {{URLPI31}},
	url = {https://code.visualstudio.com/docs},
	abstract = {Find out how to set-up and get the most from Visual Studio Code.  Optimized for building and debugging modern web and cloud applications.  Visual Studio Code is free and available on your favorite platform - Linux, macOS, and Windows.},
	language = {en},
	urldate = {2025-01-30},
	file = {Snapshot:C\:\\Users\\pippo\\Zotero\\storage\\G6CC48IW\\docs.html:text/html},
}
@misc{noauthor_urlpi32_2023,
	title = {{URLPI32}},
	shorttitle = {{TypeScript}},
	url = {https://www.ionos.at/digitalguide/websites/web-entwicklung/typescript/},
	abstract = {Dieses TypeScript-Tutorial bietet eine umfassende Einführung in die Definition, Anwendungsbereiche und die zahlreichen Vorteile der JavaScript-Erweiterung.},
	language = {de},
	urldate = {2025-02-02},
	journal = {IONOS Digital Guide},
	month = dec,
	year = {2023},
	file = {Snapshot:C\:\\Users\\pippo\\Zotero\\storage\\6FJYTNTA\\typescript.html:text/html},
}