
@misc{noauthor_urlnl01_nodate,
	title = {{URLNL01}},
	url = {https://www.monacor.de/magazin/audio-pegel},
	abstract = {Der Audio-Pegel erklärt: So funktioniert das „Level“ bei Soundsignalen für Lautsprecher, Leitungen und Mikrofone},
	language = {de},
	urldate = {2025-02-02},
	file = {Snapshot:C\:\\Users\\nicol\\Zotero\\storage\\I3YNLSFY\\audio-pegel.html:text/html},
}

@misc{noauthor_urlnl02_nodate,
	title = {{URLNL02}},
	shorttitle = {Was ist ein {Line}-{Ausgang}?},
	url = {https://www.lenovo.com/at/de/glossary/line-out/},
	language = {de},
	urldate = {2025-02-02},
	file = {Snapshot:C\:\\Users\\nicol\\Zotero\\storage\\D4MJIMNH\\line-out.html:text/html},
}

@misc{noauthor_urlnl03_nodate,
	title = {{URLNL03}},
	url = {https://www.axis.com/dam/public/ad/35/af/einf%C3%BChrung-in-das-thema-audio:-akustik-,-lautsprecher-und-audio-terminologie-de-DE-191125.pdf},
	urldate = {2025-02-02},
	file = {https\://www.axis.com/dam/public/ad/35/af/einf%C3%BChrung-in-das-thema-audio\:-akustik-,-lautsprecher-und-audio-terminologie-de-DE-191125.pdf:C\:\\Users\\nicol\\Zotero\\storage\\HIZC3UWF\\einführung-in-das-thema-audio-akustik-,-lautsprecher-und-audio-terminologie-de-DE-191125.pdf:application/pdf},
}

@misc{noauthor_urlnl04_nodate,
	title = {{URLNL04}},
	url = {https://www.baumannmusic.com/de/2012/sampleratehz-und-khz-aufloesung-bit-und-bitrate-kbits/},
	language = {de-DE},
	urldate = {2025-02-02},
	file = {Snapshot:C\:\\Users\\nicol\\Zotero\\storage\\5PQK9LFL\\sampleratehz-und-khz-aufloesung-bit-und-bitrate-kbits.html:text/html},
}

@misc{noauthor_urlnl05_nodate,
	title = {{URLNL05}},
	url = {https://www.elektronik-kompendium.de/sites/praxis/bauteil_rgb-led.htm},
	urldate = {2025-02-02},
	file = {RGB-LED:C\:\\Users\\nicol\\Zotero\\storage\\2GKUCDLX\\bauteil_rgb-led.html:text/html},
}

@misc{noauthor_urlnl07_2023,
	title = {{URLNL07}},
	url = {https://digitalewelt.at/esp32-grundlagen/},
	abstract = {Lerne den ESP32 Mikrocontroller kennen. Wie Programmiert man ein ESP32-Board mit der Arduino IDE etc. Welche Boards und Module gibt es. ESP32 Grundlagen},
	language = {de},
	urldate = {2025-02-02},
	month = apr,
	year = {2023},
	note = {Section: ESP32},
}

@misc{noauthor_urlnl08_nodate,
	title = {{URLNL08}},
	url = {https://www.xplore-dna.net/mod/page/view.php?id=2741&forceview=1},
	urldate = {2025-02-02},
	file = {Coding ESP32\: Pullup- / Pulldownwiderstände:C\:\\Users\\nicol\\Zotero\\storage\\3EZNSFUH\\view.html:text/html},
}

@misc{noauthor_urlnl09_nodate,
	title = {{URLNL09}},
	url = {https://www.ti.com/product/de-de/PCM5102A},
	urldate = {2025-02-02},
	file = {PCM5102A Datenblatt, Produktinformationen und Support | TI.com:C\:\\Users\\nicol\\Zotero\\storage\\QNHVY3J7\\PCM5102A.html:text/html},
}

@misc{noauthor_urlnl10_nodate,
	title = {{URLNL10}},
	url = {https://www.chemie.de/lexikon/Lithium-Ionen-Akkumulator.html},
	urldate = {2025-02-02},
}

@misc{noauthor_urlnl11_nodate,
	title = {{URLNL11}},
	shorttitle = {Lithium-{Ionen}-{Akkus}},
	url = {https://www.denios.de/beratung-planung/denios-magazin/gefahren-im-umgang-mit-lithium-ionen-akkus},
	abstract = {Gefahren von Lithium-Ionen-Akkus ✓ Nachteile ✓ häufige Brandursachen ✓ Thermal Runaway  ✓ Nachteile von Lithium-Batterien ► Jetzt informieren!},
	language = {de-DE},
	urldate = {2025-02-02},
	file = {Snapshot:C\:\\Users\\nicol\\Zotero\\storage\\5TF3KKHK\\gefahren-im-umgang-mit-lithium-ionen-akkus.html:text/html},
}

@misc{noauthor_urlnl06_nodate,
	title = {{URLNL06}},
	url = {https://www.espressif.com/en/products/socs/esp32},
	urldate = {2025-02-02},
}

@misc{noauthor_urlnl12_nodate,
	title = {{URLNL12}},
	url = {https://www.autodesk.com/de/products/fusion-360/overview},
	abstract = {Autodesk Fusion, formerly Fusion 360, is a platform for 3D CAD, modeling, manufacturing, industrial design, electronics, and mechanical engineering. Subscribe or download for free.},
	language = {de-DE},
	urldate = {2025-02-02},
}

@misc{noauthor_urlnl17_nodate,
	title = {{URLNL17}},
	url = {https://www.elektronik-kompendium.de/sites/com/2009021.htm},
	language = {de-DE},
	urldate = {2025-02-02},
}

@misc{noauthor_urlnl14_nodate,
	title = {{URLNL14}},
	url = {https://www.chemie.de/lexikon/Kunststoffverarbeitung.html},
	urldate = {2025-02-02},
}

@misc{noauthor_urlnl15_nodate,
	title = {{URLNL15}},
	url = {https://www.printer-care.de/de/drucker-ratgeber/wie-funktioniert-ein-3d-drucker},
	urldate = {2025-02-02},
}

@misc{noauthor_urlnl16_nodate,
	title = {{URLNL16}},
	url = {https://help.prusa3d.com/glossary/175-mm_134816},
	abstract = {1,75 mm - alles, was Sie über 3D-Druck wissen müssen, an einem…},
	language = {de},
	urldate = {2025-02-02},
	file = {Snapshot:C\:\\Users\\nicol\\Zotero\\storage\\D8U4VDUK\\175-mm_134816.html:text/html},
}

@misc{noauthor_urlnl13_nodate,
	title = {{URLNL13}},
	url = {https://www.elektronik-kompendium.de/sites/grd/0705261.htm},
	urldate = {2025-02-02},
}

@misc{redaktion_urlnl18_2020,
	title = {{URLNL18}},
	shorttitle = {Spritzguss vs. {3D}-{Druck}},
	url = {https://2d-spritzguss.de/3d-druck-spritzguss},
	abstract = {Spritzguss oder 3D-Druck? Was ist die bessere Fertigungstechnik für Kunststoffteile? Wann lohnt sich der Umstieg von 3D-Druck zum Spritzguss? Antworten findest du hier!},
	language = {de-DE},
	urldate = {2025-02-02},
	author = {{Redaktion}},
	month = dec,
	year = {2020},
	file = {Snapshot:C\:\\Users\\nicol\\Zotero\\storage\\DPW5CZMZ\\3d-druck-spritzguss.html:text/html},
}

@misc{noauthor_urlnl19_nodate,
	title = {{URLNL19}},
	url = {https://www.3dprima.com/de/3dprima/tipps-tricks-begriffe-3d-druck},
	abstract = {Du möchtest mehr über den 3D-Druck wissen? Hier findest du die wichtigsten Tipps, Tricks und Begriffe zum 3D-Druck gratis. Hier klicken!},
	language = {de},
	urldate = {2025-02-02},
	file = {Snapshot:C\:\\Users\\nicol\\Zotero\\storage\\GSBUKKEU\\tipps-tricks-begriffe-3d-druck.html:text/html},
}
